@Manual{cmaes,
  title = {cmaes: Covariance Matrix Adapting Evolutionary Strategy},
  author = {Heike Trautmann and Olaf Mersmann and David Arnu},
  year = {2011},
  note = {R package version 1.0-11},
  url = {http://CRAN.R-project.org/package=cmaes},
}

@Manual{R,
    title = {R: A Language and Environment for Statistical Computing},
    author = {{R Core Team}},
    organization = {R Foundation for Statistical Computing},
    address = {Vienna, Austria},
    year = {2013},
    url = {http://www.R-project.org/},
}



@article{HansenOstermeier01,
 author = {Hansen, Nikolaus and Ostermeier, Andreas},
 title = {Completely Derandomized Self-Adaptation in Evolution Strategies},
 journal = {Evol. Comput.},
 issue_date = {June 2001},
 volume = {9},
 number = {2},
 month = jun,
 year = {2001},
 issn = {1063-6560},
 pages = {159--195},
 numpages = {37},
 url = {http://dx.doi.org/10.1162/106365601750190398},
 doi = {10.1162/106365601750190398},
 acmid = {1108843},
 publisher = {MIT Press},
 address = {Cambridge, MA, USA}
} 


%author = {Hansen, Nikolaus and Auger, Anne and Ros, Raymond and Finck, Steffen and Po\v{s}\'{\i}k, Petr},
@inproceedings{HansenEtAl10,
 author = {Hansen, Nikolaus and et al.},
 title = {Comparing Results of 31 Algorithms from the Black-box Optimization Benchmarking {BBOB-2009}},
 booktitle = {Proceedings of the 12th Annual Conference Companion on Genetic and Evolutionary Computation},
 series = {GECCO '10},
 year = {2010},
 isbn = {978-1-4503-0073-5},
 location = {Portland, Oregon, USA},
 pages = {1689--1696},
 numpages = {8},
 url = {http://doi.acm.org/10.1145/1830761.1830790},
 doi = {10.1145/1830761.1830790},
 acmid = {1830790},
 publisher = {ACM},
 address = {New York, USA}
}

@inproceedings{Poland2001,
 author = {Poland, Jan and Zell, Andreas},
 title = {Main Vector Adaptation: A CMA Variant with Linear Time and Space Complexity},
 booktitle = {Proc. Genet. Evol. Comput. Conf.},
 year = {2001},
 pages = {1050--1055},
 publisher = {Morgan Kaufmann},
} 

@article{Loshchilov2017,
 author = {Loshchilov, Ilya},
 title = {{LM-CMA}: An Alternative to {L-BFGS} for Large-scale Black Box Optimization},
 journal = {Evol. Comput.},
 issue_date = {Spring 2017},
 volume = {25},
 number = {1},
 year = {2017},
 pages = {143--171},
 publisher = {MIT Press},
 address = {Cambridge, MA, USA},
} 

@ARTICLE{Li2017,
author={Z. Li and Q. Zhang},
journal={IEEE Trans. Evol. Comput.},
title={A Simple yet Efficient Evolution Strategy for Large Scale Black-Box Optimization},
year={2018},
volume={22},
number={5},
pages={637-646}, 
}

@INPROCEEDINGS{Biedrzycki17,
  author    = {Rafal Biedrzycki},
  title     = {A version of {IPOP-CMA-ES} algorithm with midpoint for {CEC} 2017
               single objective bound constrained problems},
  booktitle = {2017 {IEEE} Congress on Evolutionary Computation, {CEC} 2017, Donostia,
               San Sebasti{\'{a}}n, Spain, June 5-8, 2017},
  pages     = {1489--1494},
  publisher = {{IEEE}},
  year      = {2017},
  url       = {https://doi.org/10.1109/CEC.2017.7969479},
  doi       = {10.1109/CEC.2017.7969479},
  timestamp = {Wed, 16 Oct 2019 14:14:52 +0200},
  biburl    = {https://dblp.org/rec/conf/cec/Biedrzycki17.bib},
  bibsource = {dblp computer science bibliography, https://dblp.org}
}


@Article{Suttorp09,
author={Suttorp, Thorsten and Hansen, Nikolaus and Igel, Christian},
title={Efficient covariance matrix update for variable metric evolution strategies},
journal={Mach. Learn.},
year={2009},
month={May},
day="01",
volume={75},
number={2},
pages={167-197},
}
@article{CMADEhansen,
    author  = "Nikolaus Hansen",
    title   = "The {CMA Evolution Strategy: A Tutorial}",
    year    = "2016",
}

@incollection{hansen2006cma,
  title={The {CMA} evolution strategy: a comparing review},
  author={Hansen, Nikolaus},
  booktitle={Towards a new evolutionary computation: advances on estimation of distribution algorithms},
  editor={Lozano, Jose A},
  pages={75--102},
  year={2006},
  publisher={Springer}
}

@article{Hansen2001,
 author = {Hansen, Nikolaus and Ostermeier, Andreas},
 title = {Completely Derandomized Self-Adaptation in Evolution Strategies},
 journal = {Evol. Comput.},
 issue_date = {June 2001},
 volume = {9},
 number = {2},
 year = {2001},
 pages = {159--195},
 numpages = {37},
 publisher = {MIT Press},
 address = {Cambridge, MA, USA},
} 
@ARTICLE{Arabas17,
author={Arabas, J. and Biedrzycki, R.},
journal={IEEE Trans. Evol. Comput.},
title={Improving evolutionary algorithms in a continuous domain by monitoring the population midpoint},
volume    = {21},
  number    = {5},
  pages     = {807--812},
  year      = {2017}
}

@inproceedings{Elhara13,
  author    = {Ouassim Ait ElHara and
               Anne Auger and
               Nikolaus Hansen},
  editor    = {Christian Blum and
               Enrique Alba},
  title     = {A median success rule for non-elitist evolution strategies: study
               of feasibility},
  booktitle = {Genetic and Evolutionary Computation Conference, {GECCO} '13, Amsterdam,
               The Netherlands, July 6-10, 2013},
  pages     = {415--422},
  publisher = {{ACM}},
  year      = {2013},
}
@book{Schwefel95,
  author    = {Hans{-}Paul Schwefel},
  title     = {Evolution and optimum seeking},
  series    = {Sixth-generation computer technology series},
  publisher = {Wiley},
  year      = {1995},
}

@techreport{cec2013,
  title={Problem definitions and evaluation criteria for the {CEC} 2013 special session and competition on real-parameter optimization},
  author={Liang, J.J. and Qu, B.Y. and Suganthan, Ponnuthurai N and Hernandez-Diaz, Alfredo G.},
  institution={Nanyang Technol. Univ., Singapore and Zhengzhou Univ., China},
  year={2013}
}

@techreport{cec2017,
  title={Problem definitions and evaluation criteria for the {CEC} 2017 special session and competition on real-parameter optimization},
  author={Awad, N. H. and Ali, M.Z. and Liang, J.J. and Qu, B.Y. and Suganthan, Ponnuthurai N},
  institution={Nanyang Technol. Univ., Singapore and Jordan Univ. Sci. Technol. and Zhengzhou Univ., China},
  year={2016}
}

@article{cocoPerformance,
Author = {Nikolaus Hansen and Anne Auger and Dimo Brockhoff and Dejan Tusar and Tea Tusar},
Title = {{COCO}: Performance Assessment},
Year = {2016},
journal = {arXiv:1605.03560},
}
@ARTICLE{SMAES,
author={H. G. Beyer and B. Sendhoff},
journal={IEEE Trans. Evol. Comput.},
title={Simplify Your {Covariance Matrix Adaptation Evolution Strategy}},
year={2017},
volume={21},
number={5},
pages={746-759},
}



